

@ARTICLE{Hughes89whyfunctional,
    author = {John Hughes},
    title = {Why functional programming matters},
    journal = {The Computer Journal},
    year = {1989},
    volume = {32},
    pages = {98--107}
}

@INPROCEEDINGS{Simon92maindreville.implementing,
    author = {E. Simon and J. Kieman and C. De Maindreville},
    title = {Implementing high level active rules on top of a relational {DBMS}},
    booktitle = {Proceedings of the Eighteenth International Conference on Very Large Data Bases},
    year = {1992},
    pages = {315--326}
}

@ARTICLE{Sommerville90softwareengineering,
    author = {Ian Sommerville},
    title = {Software Engineering Software Engineering},
    journal = {Annals of Software Engineering},
    year = {1990},
    volume = {6},
    pages = {111--129}
}

@PHDTHESIS {Riv03,
    AUTHOR = {H. Rivano},
    TITLE = {Algorithmique et t�l�communications : coloration et multiflot approch�s et applications aux r�seaux d'infrastructure},
    SCHOOL = {Universit� de Nice-Sophia Antipolis},
    YEAR = 2003,
    MONTH = nov,
    note = {\footnote{\url{http://www-sop.inria.fr/mascotte/Herve.Rivano/?lang=fr&to_inc=thesis.php}}},
}

@Misc{Wolfe,
	author = {Joe Wolfe},
	title  ={How to Write a {PhD} Thesis},
	year = {1996, 2006},
	note = {\footnote{\url{http://www.phys.unsw.edu.au/~jw/thesis.html}}}
}


@BOOK {Pascal-1671,
    AUTHOR = {Blaise Pascal},
    TITLE = {Les Pens�es},
    YEAR = 1671,
    NOTE = {\footnote{\url{http://www.samizdat.qc.ca/arts/lit/Pascal/Pensees_1671_ancien.pdf}}},
}

@PHDTHESIS {Khodja-97,
    AUTHOR = {Lotfi Khodja},
    TITLE = {Contribution � la classification floue non supervis�e},
    SCHOOL = {Universit� de Savoie},
    YEAR = 1997,
    MONTH = nov,
    pages = {158},
    note = {\footnote{\url{http://www.polytech.univ-savoie.fr/fileadmin/polytech_autres_sites/sites/listic/Theses/thesekhodja.pdf}}},
}

%%%%%%%%%%%%%%%%%%%%%%%%%%%%%%%%%%%%%

%FFI
@ARTICLE{Sigbjorn-99,
    author = {Sigbjorn Finne,Daan Leijen},
    title = {Calling hell from heaven and heaven from hell },
    journal = {Proceedings of the fourth ACM SIGPLAN international conference on Functional programming},
    year = {1999},
    pages = {114 - 125 }
}

@ARTICLE{Matthias-Grimmer-14,
    author = {	Matthias Grimmer,Thomas Würthinger},
    title = {An efficient approach for accessing C data structures from JavaScript },
    journal = {ICOOOLPS '14 Proceedings of the 9th International Workshop on Implementation, Compilation, Optimization of Object-Oriented Languages, Programs and Systems PLE },
    year = {2014 },
}
@ARTICLE{Joel-Jones-03,
    author = {Joel Jones},
    title = {Abstract Syntax Tree Implementation Idioms},
    journal = {Proceedings of the 10th Conference on Pattern Languages of Programs 
    },
    year = {2003 },
}

@ARTICLE{Joel-Jones-02,
    author = {Joel Jones},
    title = { Tabular code generation: Write once, generate many},
    journal = {Pattern Languages of Program Design
    },
    year = {2002},
}

@MISC{Kamin-languageimplementation,
    author = {Sam Kamin},
    title = {Language implementation via lightweight embedded program generators (Extended Abstract)},
    year = {}
}

@ARTICLE{Daniel-97,
    author = {Daniel C. Wang, Andrew W. Appel, Jeff L. Korn,
Christopher S. Serra},
    title = { The Zephyr Abstract Syntax Description Language},
    journal = {Proceedings of the Conference on Domain-Specific Languages}, 
    year = {1997},
}


@ARTICLE{Robert-92,
    author = {Robert W. Gray},
    title = { Eli: A complete, flexible compiler construction system},
    journal = {Communications of the ACM},
    year = {1992},
}

%dynamic link
@BOOK {Hart-05,
    AUTHOR = {Hart, Johnson},
    TITLE = {Windows System Programming Third Edition},
    publisher = {Addison-Wesley},
    YEAR = 2005,
    isbn={0-321-25619-0}
}

@BOOK {Rector-05,
    AUTHOR = {Rector,Brent et al},
    TITLE = {Win32 Programming},
    publisher = {Addison-Wesley Developers Press},
    YEAR = 2005,
    isbn={0-201-63492-9}
}

@BOOK {Wexelblat-81,
    AUTHOR = {Wexelblat,Richard},
    TITLE = {History of Programming Languages},
    publisher = {Academic Press (A subsidiary of Harcourt Brace)},
    YEAR = 1981,
    isbn={I0-12-745040-8}
}


@BOOK {ALTERA-14,
    AUTHOR = {ALTERA},
    TITLE = {Nios II Processor Reference Handbook},
    publisher = {Altera Corporation},
    YEAR = {February 2014},
    
}

